@misc{guit, 
 title = {Gruppo Utilizzatori di LaTeX}, 
 year = {2009}, 
 url = {http://www.guit.sssup.it/}, 
 sortkey = {guit}, 
 label = {GuIT}
}